@article{Kunszt-1999,
    title={The Indexing of the SDSS Science Archive},
    url={https://www.adass.org/adass/proceedings/adass99/O1-03/},
    author={Kunszt, P. Z. and Szalay, A. S. and Csabai, I. and  Thakar, A. R.},
    booktitle={9th Annual Astronomical Data Analysis Software and Systems Conference (ADASS 1999) Kona, Hawaii, ctober 3-6, 1999},
    journal={ASP Conf. Ser.},
    volume={216},
    year={2000},
    pages={141-144},
    }

@inproceedings{Kunszt-2000,
    title={The Hierarchical Triangular Mesh},
    url={https://link.springer.com/chapter/10.1007/10849171_83},
    author={Kunszt, Peter Z. and Szalay, Alexander S. and Thakar, Aniruddha R.},
    booktitle={Mining the Sky - Proceedings of the MPA/ESO/MPE Workshop Held at Garching, Germany, July 31 - August 4, 2000},
    editor={Banday, Anthony J. and Zaroubi, Saleem and Bartelmann, Matthias},
    year={2001},
    publisher={Springer Berlin Heidelberg},
    pages={631--637},
    isbn={978-3-540-44665-1},
    }

@article{Gray-2004,
    title={There Goes the Neighborhood: Relational Algebra for Spatial Data Search},
    url={https://arxiv.org/abs/cs/0408031},
    author={Jim Gray and Alexander S. Szalay and Aniruddha R. Thakar and Gyorgy Fekete and William O'Mullane and Maria A. Nieto-Santisteban and Gerd Heber and Arnold H. Rots},
    year={2004},
    eprint={cs/0408031},
    archivePrefix={arXiv},
    primaryClass={cs.DB}
    }

@misc{Morris-2017,
    title={Use of Docker for deployment and testing of astronomy software},
    url={https://doi.org/10.1016/j.ascom.2017.07.004},
    author={D. Morris and S. Voutsinas and N. C. Hambly and R. G. Mann},
    year={2017},
    eprint={1707.03341},
    archivePrefix={arXiv},
    primaryClass={cs.SE}
    }

@article{Patterson-2018,
    title={The Zwicky Transient Facility Alert Distribution System},
    url={http://dx.doi.org/10.1088/1538-3873/aae904},
    author={Patterson, Maria T. and Bellm, Eric C. and Rusholme, Ben and Masci, Frank J. and Juric, Mario and Krughoff, K. Simon and Golkhou, V. Zach and Graham, Matthew J. and Kulkarni, Shrinivas R. and Helou, George and et al.},
    volume={131},
    ISSN={1538-3873},
    DOI={10.1088/1538-3873/aae904},
    number={995},
    journal={Publications of the Astronomical Society of the Pacific},
    publisher={IOP Publishing},
    year={2018},
    pages={018001}
    }

@article{Zecevic-2019,
    title={AXS: A Framework for Fast Astronomical Data Processing Based on Apache Spark},
    author={Zečević, Petar and Slater, Colin T. and Jurić, Mario and Connolly, Andrew J. and Lončarić, Sven and Bellm, Eric C. and Golkhou, V. Zach and Suberlak, Krzysztof},
    url={http://dx.doi.org/10.3847/1538-3881/ab2384},
    volume={158},
    ISSN={1538-3881},
    DOI={10.3847/1538-3881/ab2384},
    number={1},
    journal={The Astronomical Journal},
    publisher={American Astronomical Society},
    year={2019},
    month={07},
    pages={37}
    }
